% Encoding: UTF-8

@book{Knuth1998,
 author = {Knuth, Donald E.},
 title = {The art of computer programming,  volume 3: (2nd ed.) sorting and searching},
 year = {1998},
 publisher = {Addison Wesley Longman Publishing Co., Inc.},
 address = {Redwood City, CA, USA}
}

@book{Pollefliet2011,
  author = {Pollefliet, Leen},
  title = {Schrijven van verslag tot eindwerk: do's en don'ts},
  year = {2011},
  publisher = {Academia Press},
  address = {Gent}
}

@article{Creeger2009,
  author = {Creeger, Mache},
  journal = {Communications of the ACM},
  number = {8},
  pages = {50--56},
  title = {{CTO Roundtable: Cloud Computing}},
  volume = {52},
  year = {2009}
}

@Online{LewisFowler2014,
  author    = {Lewis, James and Fowler, Martin},
  title     = {Microservices: a definition of this new architectural term},
  date      = {2014-03-25},
  url       = {http://martinfowler.com/articles/microservices.html},
  urldate   = {2016-09-01},
}

@Online{Hykes2013,
  author    = {Solomon Hykes},
  title     = {The future of Linux Containers (PyCon 2013)},
  date      = {2013-03-21},
  url       = {https://www.youtube.com/watch?v=wW9CAH9nSLs},
  urldate   = {2016-09-01},
}

@Book{gupta2023data,
  author    = {Gupta, K.},
  date      = {2023},
  title     = {Data Leakage Detection and Prevention for Data Security},
  isbn      = {9781835800591},
  pagetotal = {129},
  publisher = {Draft2digital},
  url       = {https://books.google.be/books?id=vxRa0AEACAAJ},
  urldate   = {2025-02-23},
  year      = {2023},
}

@InProceedings{vukovic2017rule,
  author       = {Vukovic, Marin and Katusic, Damjan and Soic, Renato and Weber, Mario},
  booktitle    = {2017 25th International Conference on Software, Telecommunications and Computer Networks (SoftCOM)},
  date         = {2017},
  title        = {Rule-based system for data leak threat estimation},
  doi          = {10.23919/SOFTCOM.2017.8115578},
  organization = {IEEE},
  pages        = {1--5},
  url          = {https://ieeexplore.ieee.org/abstract/document/8115578},
  urldate      = {2025-01-15},
  year         = {2017},
}

@TechReport{NIST800-30,
  author      = {{National Institute of Standards and Technology}},
  date        = {2012},
  institution = {{National Institute of Standards and Technology}},
  title       = {{Guide for Conducting Risk Assessments}},
  doi         = {10.6028/NIST.SP.800-30r1},
  number      = {{800-30 Rev. 1}},
  type        = {{NIST Special Publication}},
  url         = {https://doi.org/10.6028/NIST.SP.800-30r1},
  urldate     = {2025-03-21},
  month       = {September},
  year        = {2012},
}

@Article{AlFikri2019,
  author    = {Al Fikri, Muhamad and Putra, Fandi Aditya and Suryanto, Yohan and Ramli, Kalamullah},
  date      = {2019},
  title     = {Risk assessment using NIST SP 800-30 revision 1 and ISO 27005 combination technique in profit-based organization: Case study of ZZZ information system application in ABC agency},
  doi       = {10.1016/j.procs.2019.11.234},
  pages     = {1206--1215},
  url       = {https://www.sciencedirect.com/science/article/pii/S1877050919319453},
  urldate   = {2025-03-22},
  volume    = {161},
  journal   = {Procedia Computer Science},
  publisher = {Elsevier},
  year      = {2019},
}

@TechReport{IOSIEC2022,
  author      = {{International Organization for Standardization and International Electrotechnical Commission}},
  date        = {2022},
  institution = {{ISO/IEC}},
  title       = {{ISO/IEC 27005:2022 - Information security, cybersecurity and privacy protection — Guidance on managing information security risks}},
  number      = {{27005:2022}},
  type        = {{International Standard}},
  url         = {https://iso.org/standard/80585.html},
  urldate     = {2025-03-22},
  address     = {{Geneva, Switzerland}},
  edition     = {{4}},
  year        = {2022},
}

@TechReport{Netskope2023,
  author      = {{Netskope}},
  date        = {2023},
  institution = {{Netskope}},
  title       = {{Protecting Data Using Artificial Intelligence and Machine Learning}},
  type        = {{White Paper}},
  url         = {https://netskope.com/wp-content/uploads/2023/11/protecting-data-using-artificial-intelligence-and-machine-learning.pdf},
  urldate     = {2025-03-22},
  year        = {2023},
}

@Misc{SpectraAlliance2025,
  author  = {{Spectra Alliance}},
  date    = {2025},
  title   = {Spectra Alliance - A Strategic Approach to Cybersecurity},
  note    = {Accessed: 31 March 2025},
  url     = {https://spectra.csogroup.com.au/},
  urldate = {2025-03-31},
  year    = {2025},
}

@TechReport{Hille2018,
  author      = {Maximilian Hille and Michelle Baum},
  date        = {2018},
  institution = {Crisp Research AG},
  title       = {Crisp Vendor Universe: Cloud Computing Vendors and Service Providers},
  note        = {Accessed: 31 March 2025},
  url         = {https://ce1.uicdn.net/shopsfar/pdf/crisp-vendor-universe-report-2018-en.pdf},
  urldate     = {2025-03-31},
  year        = {2018},
}

@Misc{Statbel2024,
  author  = {{Statbel}},
  date    = {2024},
  title   = {Top 10.000 Familienamen in België 2017 - 2024},
  url     = {https://data.gov.be/en/datasets/a786c26f24eb4c10031dcac047e6ce17bbe02ec9},
  urldate = {2025-04-02},
  year    = {2024},
}

@Misc{Statbel2023,
  author  = {{Statbel}},
  date    = {2023},
  title   = {Top voornamen van meisjes en jongens in België (1995-2023)},
  note    = {Gegevens beschikbaar voor de jaren 1995-2023. Geraadpleegd op: \today},
  url     = {https://statbel.fgov.be/nl/themas/bevolking/namen-en-voornamen/voornamen-van-meisjes-en-jongens#figures},
  urldate = {2025-04-02},
  year    = {2023},
}

@Misc{NetskopeCatDef2025,
  author  = {{Netskope}},
  date    = {2025},
  title   = {Category Definitions},
  url     = {https://docs.netskope.com/en/category-definitions/},
  urldate = {2025-04-19},
}

@Online{Netskope2025DLP,
  author       = {{Netskope}},
  date         = {2025},
  title        = {DLP Rules},
  url          = {https://docs.netskope.com/en/dlp-rules/},
  organization = {Netskope Inc.},
  urldate      = {2025-04-21},
  year         = {2025},
}

@Online{Netskope2025Profiles,
  author       = {{Netskope}},
  date         = {2025},
  title        = {DLP Profiles},
  url          = {https://docs.netskope.com/en/dlp-profiles/},
  organization = {Netskope Inc.},
  urldate      = {2025-04-20},
  year         = {2025},
}

@Online{Netskope2025CreateProfiles,
  author       = {{Netskope}},
  date         = {2025},
  title        = {DLP Create a Custom DLP Profile},
  url          = {https://docs.netskope.com/en/create-a-custom-dlp-profile/},
  organization = {Netskope Inc.},
  urldate      = {2025-04-30},
  year         = {2025},
}

@Online{Netskope2025Utilization,
  author       = {{Netskope}},
  title        = {Netskope Client Resource Utilization},
  url          = {https://docs.netskope.com/en/netskope-client-resource-utilization/},
  organization = {Netskope},
  urldate      = {2025-04-30},
  year         = {2025},
}

@Online{Netskope2021SLA,
  author       = {{Netskope}},
  date         = {2021},
  title        = {Netskope Sets New Industry Benchmarks for Cloud Security Performance; Announces Industry-First SLA to Address Encrypted Traffic Processing},
  url          = {https://netskope.com/press-releases/netskope-sets-new-industry-benchmarks-for-cloud-security-performance},
  organization = {Netskope},
  urldate      = {2025-04-30},
  year         = {2021},
}

@Misc{Gartner2024,
  author      = {Charlie Winckless and Thomas Lintemuth and John Watts},
  date        = {2024},
  title       = {Magic Quadrant for Security Service Edge},
  note        = {Gartner ID G00792702},
  url         = {https://gartner.com/doc/reprints?id=1-2HBI6A0S&ct=240417&st=sb},
  urldate     = {2025-04-16},
  institution = {Gartner, Inc.},
  month       = apr,
  year        = {2024},
}

@Article{Faiz2020,
  author   = {Mohamed Falah Faiz and Junaid Arshad and Mamoun Alazab and Andrii Shalaginov},
  date     = {2020},
  title    = {Predicting likelihood of legitimate data loss in email DLP},
  doi      = {https://doi.org/10.1016/j.future.2019.11.004},
  issn     = {0167-739X},
  pages    = {744-757},
  url      = {https://sciencedirect.com/science/article/pii/S0167739X19314943},
  urldate  = {2025-04-05},
  volume   = {110},
  journal  = {Future Generation Computer Systems},
  keywords = {Data loss prevention, Email DLP, Insider threats, Threat prediction, Machine learning},
  year     = {2020},
}

@Comment{jabref-meta: databaseType:biblatex;}
