% Encoding: UTF-8

@Article{SabiEtAl2016,
  author       = {Sabi, Humphrey M. and Uzoka, Faith-Michael E. and Langmia, Kehbuma and Njeh, Felix M.},
  title        = {Conceptualizing a model for adoption of cloud computing in education},
  journaltitle = {International Journal of Information Management},
  year         = {2016},
  volume       = {36},
  number       = {2},
  pages        = {183--191},
  doi          = {10.1016/j.ijinfomgt.2015.11.010},
  url          = {http://www.sciencedirect.com/science/article/pii/S0268401215001115},
}

@Online{LewisFowler2014,
  author    = {Lewis, James and Fowler, Martin},
  title     = {Microservices: a definition of this new architectural term},
  date      = {2014-03-25},
  url       = {http://martinfowler.com/articles/microservices.html},
  urldate   = {2016-09-01},
}

@Online{Hykes2013,
  author    = {Solomon Hykes},
  title     = {The future of Linux Containers (PyCon 2013)},
  date      = {2013-03-21},
  url       = {https://www.youtube.com/watch?v=wW9CAH9nSLs},
  urldate   = {2016-09-01},
}

@Standard{ISO27001Standard2024,
  address      = {Geneva, Switzerland},
  month        = {feb},
  number       = {ISO/IEC 27001:2022/Amd 1:2024},
  organization = {International Organization for Standardization (ISO)},
  publisher    = {ISO/IEC},
  title        = {{Information security, cybersecurity and privacy protection -- Information security management systems -- Requirements. Amendment 1: Climate action changes}},
  year         = {2024},
}

@Article{Hauer2015,
  author   = {Hauer, Barbara},
  title    = {Data and Information Leakage Prevention Within the Scope of Information Security},
  doi      = {10.1109/ACCESS.2015.2506185},
  pages    = {2554-2565},
  volume   = {3},
  journal  = {IEEE Access},
  keywords = {Monitoring;Information security;Standards;Organizations;Credit cards;Media;Electronic mail;security;information security;data security;information leakage prevention;data leakage prevention;information exposure;Security;information security;data security;information leakage prevention;data leakage prevention;information exposure},
  year     = {2015},
}

@Article{Gupta2017,
  author  = {Gupta, Ishu},
  title   = {A comparative study of the approach provided for preventing the data leakage},
  urldate = {2024-11-01},
  volume  = {9},
  journal = {International Journal of Network Security \& Its Applications (IJNSA) Vol},
  year    = {2017},
}

@InProceedings{VanDerWalt2022,
  author    = {van der Walt, S. and Venter, H.},
  booktitle = {International Conference on Cyber Warfare and Security},
  title     = {Research gaps and opportunities for secure access service edge},
  doi       = {10.34190/iccws.17.1.75},
  number    = {1},
  pages     = {609--619},
  urldate   = {2024-11-13},
  volume    = {17},
  year      = {2022},
}

@InBook{Luft2011,
  author    = {Luft, Matthias and Holz, Thorsten},
  booktitle = {ISSE 2010 Securing Electronic Business Processes: Highlights of the Information Security Solutions Europe 2010 Conference},
  title     = {A Small Leak will Sink a Great Ship: An Empirical Study of DLP Solutions},
  doi       = {10.1007/978-3-8348-9788-6_34},
  editor    = {Pohlmann, Norbert and Reimer, Helmut and Schneider, Wolfgang},
  isbn      = {978-3-8348-9788-6},
  pages     = {354--364},
  publisher = {Vieweg+Teubner},
  url       = {https://doi.org/10.1007/978-3-8348-9788-6_34},
  urldate   = {2024-11-13},
  abstract  = {Data Leakage Prevention (DLP) is the general term for a new approach to avoid data breaches. To achieve this goal, all currently available implementations of this concept perform an analysis of intercepted data to detect breaches in a generic way. The analysis is typically based on user-defined policies which specify what data is valuable. There are several different approaches to both define these content policies and to intercept data to enable analysis.},
  address   = {Wiesbaden},
  year      = {2011},
}

@InProceedings{Alneyadi2015,
  author    = {Alneyadi, Sultan and Sithirasenan, Elankayer and Muthukkumarasamy, Vallipuram},
  booktitle = {2015 IEEE Trustcom/BigDataSE/ISPA},
  title     = {Detecting Data Semantic: A Data Leakage Prevention Approach},
  doi       = {10.1109/Trustcom.2015.464},
  pages     = {910-917},
  urldate   = {2024-11-13},
  volume    = {1},
  keywords  = {Fingerprint recognition;Semantics;Statistical analysis;Security;Data models;Singular value decomposition;Robustness;Data leakage prevention;Data semantics;Statistical analysis;Singular Value Decomposition},
  year      = {2015},
}

@InProceedings{Riley2018,
  author    = {Riley, S. and Lawson, C. P.},
  booktitle = {Verkregen van Semanticscholar},
  title     = {Magic Quadrant for Cloud Access Security Brokers},
  url       = {https://api.semanticscholar.org/CorpusID:236782867},
  urldate   = {2024-11-13},
  year      = {2018},
}

@Book{International2022information,
  author    = {International Organization for Standardization},
  title     = {Information Security, Cybersecurity and Privacy Protection-Information Security Management Systems-Requirements},
  publisher = {ISO},
  urldate   = {2024-11-13},
  year      = {2022},
}

@Article{Wason2020CASB,
  author  = {Wason, Rajat},
  title   = {An integrated CASB implementation model to enhance enterprise cloud security},
  doi     = {10.7939/r3-v1mm-0895},
  urldate = {2024-11-14},
  year    = {2020},
}

@InProceedings{Hart2011,
  author    = {Hart, Michael and Manadhata, Pratyusa and Johnson, Rob},
  booktitle = {Privacy Enhancing Technologies},
  title     = {Text Classification for Data Loss Prevention},
  doi       = {10.1007/978-3-642-22263-4_2},
  editor    = {Fischer-H{\"u}bner, Simone and Hopper, Nicholas},
  isbn      = {978-3-642-22263-4},
  pages     = {18--37},
  publisher = {Springer Berlin Heidelberg},
  abstract  = {Businesses, governments, and individuals leak confidential information, both accidentally and maliciously, at tremendous cost in money, privacy, national security, and reputation. Several security software vendors now offer ``data loss prevention'' (DLP) solutions that use simple algorithms, such as keyword lists and hashing, which are too coarse to capture the features what makes sensitive documents secret. In this paper, we present automatic text classification algorithms for classifying enterprise documents as either sensitive or non-sensitive. We also introduce a novel training strategy, supplement and adjust, to create a classifier that has a low false discovery rate, even when presented with documents unrelated to the enterprise. We evaluated our algorithm on several corpora that we assembled from confidential documents published on WikiLeaks and other archives. Our classifier had a false negative rate of less than 3.0{\%} and a false discovery rate of less than 1.0{\%} on all our tests (i.e, in a real deployment, the classifier can identify more than 97{\%} of information leaks while raising at most 1 false alarm every 100thtime).},
  address   = {Berlin, Heidelberg},
  year      = {2011},
}

@InProceedings{syarova2024data,
  author    = {Syarova, Svetlana and Toleva-Stoimenova, Stefka and Kirkov, Alexander and Petkov, Samuel and Traykov, Krasimir},
  booktitle = {Environment. Technologies. Resources. Proceedings of the international scientific and practical conference},
  date      = {2024},
  title     = {Data Leakage Prevention and Detection in Digital Configurations: –ê Survey},
  doi       = {10.17770/etr2024vol2.8045},
  pages     = {253--258},
  url       = {https://journals.ru.lv/index.php/ETR/article/view/8045},
  urldate   = {2024-12-14},
  volume    = {2},
  year      = {2024},
}

@Article{salemink2024cybersecurity,
  author    = {Salemink, Tom and Wolters, Pieter and De Wulf, Hans},
  date      = {2024},
  title     = {Cybersecurity and Online Formation of Companies in the Netherlands, Belgium, and Germany},
  doi       = {10.1515/ecfr-2024-0003},
  number    = {1},
  pages     = {67--103},
  url       = {https://www.degruyter.com/document/doi/10.1515/ecfr-2024-0003/html},
  urldate   = {2024-12-14},
  volume    = {21},
  journal   = {European Company and Financial Law Review},
  publisher = {De Gruyter},
  year      = {2024},
}

@InProceedings{Gupta2021,
  author    = {Gupta, Kishu and Kush, Ashwani},
  booktitle = {Data Analytics and Management},
  date      = {2021},
  title     = {A Forecasting-Based DLP Approach for Data Security},
  doi       = {10.1007/978-981-15-8335-3_1},
  editor    = {Khanna, Ashish and Gupta, Deepak and P{\'o}lkowski, Zdzis{\l}aw and Bhattacharyya, Siddhartha and Castillo, Oscar},
  isbn      = {978-981-15-8335-3},
  location  = {Singapore},
  pages     = {1--8},
  publisher = {Springer Singapore},
  url       = {link.springer.com/chapter/10.1007/978-981-15-8335-3_1},
  urldate   = {2024-12-15},
}

@Article{VandeHeyning2022,
  author       = {Van de Heyning, Catherine},
  date         = {2022},
  journaltitle = {Radices},
  title        = {Het moeilijke evenwicht tussen privacy en veiligheid: De impact van het debat over het bewaren van communicatiegegevens},
  doi          = {10.21825/radices.84850},
  number       = {1},
  url          = {https://openjournals.ugent.be/radices/article/id/84850/},
  urldate      = {2024-12-15},
  volume       = {2},
  publisher    = {Coordination Unit for Threat Analysis (CUTA)},
}

@Misc{eu_avg2016,
  author       = {{Europese Unie}},
  date         = {2016},
  title        = {Verordening (EU) 2016/679 van het Europees Parlement en de Raad van 27 april 2016 betreffende de bescherming van natuurlijke personen in verband met de verwerking van persoonsgegevens en betreffende het vrije verkeer van die gegevens en tot intrekking van Richtlijn 95/46/EG (algemene verordening gegevensbescherming)},
  howpublished = {Publicatieblad van de Europese Unie, L 119, 4 mei 2016},
  note         = {Voor de EER relevante tekst},
  url          = {https://eur-lex.europa.eu/legal-content/NL/TXT/PDF/?uri=CELEX:32016R0679},
  urldate      = {2024-12-16},
  month        = {mei},
  year         = {2016},
}

@Misc{eu_avg2016_artikel4,
  author       = {{Europese Unie}},
  title        = {Artikel 4 van Verordening (EU) 2016/679 van het Europees Parlement en de Raad},
  howpublished = {Publicatieblad van de Europese Unie, L 119, 4 mei 2016},
  note         = {Definities: Onder 'verwerking' wordt verstaan: een bewerking of een geheel van bewerkingen met betrekking tot persoonsgegevens of een geheel van persoonsgegevens, zoals gedefinieerd in Artikel 4(2) van de AVG.},
  url          = {https://eur-lex.europa.eu/legal-content/NL/TXT/PDF/?uri=CELEX:32016R0679},
  month        = {mei},
  year         = {2016},
}

@Misc{eu_avg2024,
  author  = {{Europese Unie}},
  date    = {2024},
  title   = {Tweede verslag over de toepassing van de algemene verordening gegevensbescherming},
  note    = {COM(2024) 357 final, gepubliceerd op 25 juli 2024.},
  url     = {https://data.consilium.europa.eu/doc/document/ST-15507-2023-INIT/nl/pdf},
  urldate = {2024-12-16},
  year    = {2024},
}

@Misc{BelgischeOverheid2018,
  author  = {Belgische overheid},
  title   = {Wet betreffende de bescherming van natuurlijke personen met betrekking tot de verwerking van persoonsgegevens},
  url     = {https://ejustice.just.fgov.be/cgi_loi/loi_a1.pl?DETAIL=2018040581/F&caller=list&row_id=1&numero=1&rech=4&cn=2018040581},
  urldate = {2024-12-16},
  year    = {2018},
}

@Article{Lessa2023,
  author    = {Lessa, Lemma and Gebrehawariat, Daniel},
  date      = {2023},
  title     = {Effectiveness of banking card security in the Ethiopian financial¬†sector: PCI-DSS security standard as a lens},
  doi       = {10.1108/IJIEOM-10-2021-0015},
  number    = {2},
  pages     = {135-147},
  url       = {https://doi.org/10.1108/IJIEOM-10-2021-0015},
  urldate   = {2024-12-16},
  volume    = {5},
  day       = {01},
  journal   = {International Journal of Industrial Engineering and Operations Management},
  month     = {Jan},
  publisher = {Emerald Publishing Limited},
  year      = {2023},
}

@InProceedings{Alsuwaie2021,
  author    = {Alsuwaie, Mohammed A. and Habibnia, Babak and Gladyshev, Pavel},
  booktitle = {International Symposium on Computer Science and Intelligent Controls (ISCSIC)},
  date      = {2021},
  title     = {Data Leakage Prevention Adoption Model & DLP Maturity Level Assessment},
  doi       = {10.1109/ISCSIC54682.2021.00077},
  pages     = {396-405},
  url       = {https://ieeexplore.ieee.org/abstract/document/9644372},
  urldate   = {2024-12-18},
  keywords  = {Training;Computer science;Computational modeling;Data security;Government;Process control;Data models;Organizational Security;Incident Response;Information Security;Risk Management;Adoption;Data Leakage Prevention;DLP;Detection;Prevention},
  year      = {2021},
}

@InProceedings{Elluri2018,
  author    = {Elluri, L. and Nagar, A. and Joshi, K. P.},
  booktitle = {IEEE International Conference on Big Data (Big Data)},
  title     = {An Integrated Knowledge Graph to Automate GDPR and PCI DSS Compliance},
  doi       = {10.1109/BigData.2018.8622236},
  pages     = {1266--1271},
  url       = {https://doi.org/10.1109/BigData.2018.8622236},
  urldate   = {2024-12-19},
  year      = {2018},
}

@Misc{nis2directive,
  author       = {raad van de Europese Unie},
  date         = {2022},
  title        = {{Directive (EU) 2022/2555 on measures for a high common level of cybersecurity across the Union, amending Regulation (EU) No 910/2014 and Directive (EU) 2018/1972, and repealing Directive (EU) 2016/1148 (NIS 2 Directive)}},
  howpublished = {\url{https://eur-lex.europa.eu/eli/dir/2022/2555}},
  note         = {[Accessed: 2024-12-19]},
  url          = {https://eur-lex.europa.eu/eli/dir/2022/2555},
  urldate      = {2024-12-19},
  year         = {2022},
}

@Misc{Microsoftn.d.,
  author       = {Microsoft},
  title        = {Confusion matrices and data imbalances},
  howpublished = {\url{https://learn.microsoft.com/en-gb/training/modules/machine-learning-confusion-matrix/2-confusion-matrices}},
  url          = {https://learn.microsoft.com/en-us/training/modules/machine-learning-confusion-matrix/},
  urldate      = {2025-01-14},
  ranking      = {rank4},
  year         = {n.d.},
}

@Online{Whelan2014,
  author  = {Whelan, Michael},
  date    = {2014},
  title   = {Creating Test Data with Mockaroo},
  url     = {https://www.michael-whelan.net/creating-testdata-with-mockaroo/},
  urldate = {2024-12-19},
  day     = {25},
  month   = sep,
  year    = {2014},
}

@Manual{NetskopeTAP2024,
  title        = {Netskope Cloud TAP Datasheet},
  organization = {Netskope, Inc.},
  url          = {https://www.netskope.com/de/wp-content/uploads/2024/09/2024-08-Netskope-Cloud-TAP-DS-761-1.pdf},
  urldate      = {2025-01-22},
  address      = {Santa Clara, CA},
  year         = {2024},
}

@TechReport{brouwer2021cloud,
  author      = {Marius Brouwer and Anand Groenewegen},
  date        = {2021},
  institution = {University of Amsterdam},
  title       = {Cloud Access Security Brokers (CASBs)},
  type        = {Technical Report},
  url         = {http://rp.os3.nl},
  urldate     = {2025-01-22},
  address     = {Amsterdam, The Netherlands},
  year        = {2021},
}

@Online{Zaini2024,
  author  = {Zaini, N. A. and Zolkpiki, M. F. B.},
  title   = {A Survey on Balancing Data Loss Prevention (DLP) with User Privacy in a Data-Driven World},
  url     = {https://doi.org/10.6453/joit.v2024.no10},
  urldate = {2024-12-16},
  year    = {2024},
}

@Book{Clementelli2023,
  author    = {Carmine Clementelli},
  date      = {2023},
  title     = {Modern Data Loss Prevention (DLP) For Dummies, Netskope Special Edition},
  publisher = {John Wiley \& Sons, Inc.},
  url       = {https://www.netskope.com/resources/ebooks/modern-data-loss-prevention-dlp-for-dummies},
  urldate   = {2025-01-15},
  address   = {Hoboken, NJ},
  ranking   = {rank5},
  year      = {2023},
}

@InProceedings{Nayak2020,
  author    = {Nayak, S. K. and Ojha, A. C.},
  booktitle = {Machine Learning and Information Processing},
  title     = {Data Leakage Detection and Prevention: Review and Research Directions},
  doi       = {10.1007/978-981-15-1884-3_19},
  pages     = {203--212},
  publisher = {Springer Singapore},
  url       = {https://doi.org/10.1007/978-981-15-1884-3_19},
  urldate   = {2024-12-15},
  year      = {2020},
}

@Article{Alsanabani2020,
  author  = {Al-sanabani, H. and ƒ∞skefiyeli, M.},
  title   = {A DLP Module Design Based on Plug-in for MS Word},
  doi     = {10.16984/saufenbilder.655984},
  number  = {4},
  pages   = {770--781},
  url     = {https://doi.org/10.16984/saufenbilder.655984},
  urldate = {2024-12-19},
  volume  = {24},
  journal = {Sakarya University Journal of Science},
  year    = {2020},
}

@Comment{jabref-meta: databaseType:biblatex;}
